@misc{openMVG,
 author = {Pierre Moulon},
 title = {openMVG github page},
 note = {\small\url{https://github.com/openMVG/openMVG/}},
}

@misc{matrix,
 author = {Matthieu Pizemberg, Matthias Benkort, Nicolas Gaborit, Arthur Manoha, Louis Viot},
 title = {MATRIX github pahe},
 note = {\small\url{https://github.com/OeufsDePie/MATRIX}},
}

@misc{qt,
 author = {Qt Authors},
 title = {qt main website},
 note = {\small\url{http://qt-project.org/}},
}

@misc{mikros,
 author = {Mikros Image},
 title = {Mikros Image main website},
 note = {\small\url{http://www.mikrosimage.eu/}},
}

@misc{doc,
 author = {Matthieu Pizemberg, Matthias Benkort, Nicolas Gaborit, Arthur Manoha, Louis Viot},
 title = {The MATRIX Project documentation},
 note = {\small\url{http://oeufsdepie.github.io/MATRIX/index.html}},
}

@misc{popart,
 author = {POPART},
 title = {POPART official website},
 note = {\small\url{http://www.popartproject.eu/}},
}

